<?xml version="1.0" encoding="UTF-8"?><collection xmlns="http://www.loc.gov/MARC21/slim"><record><leader>00547nam--2200193-u-4500</leader><controlfield tag="001">000050930</controlfield><controlfield tag="002">20161230</controlfield><controlfield tag="005">20161230201049</controlfield><controlfield tag="008">080422s1000------------r-----000-0-rum-d</controlfield><datafield ind1=" " ind2=" " tag="040"><subfield code="a">IFIN-HH</subfield></datafield><datafield ind1=" " ind2=" " tag="041"><subfield code="a">rum</subfield></datafield><datafield ind1=" " ind2=" " tag="080"><subfield code="a">51</subfield></datafield><datafield ind1="1" ind2=" " tag="100"><subfield code="a">Bundaru,Raluca S</subfield></datafield><datafield ind1="1" ind2="0" tag="245"><subfield code="a">Studiul Corelatiilor Statistice in Sisteme cu Constrangeri Geometrice</subfield><subfield code="b">Teza</subfield><subfield code="c">Raluca S. Bundaru</subfield></datafield><datafield ind1=" " ind2=" " tag="260"><subfield code="a">Magurele-Bucuresti</subfield><subfield code="c">2007</subfield></datafield><datafield ind1=" " ind2=" " tag="300"><subfield code="a">65 p</subfield></datafield><datafield ind1=" " ind2=" " tag="502"><subfield code="a">Conducator stiintific: Profesor Dr. Marian Apostol</subfield></datafield><datafield ind1=" " ind2=" " tag="852"><subfield code="c">530.161</subfield></datafield><datafield ind1=" " ind2=" " tag="CAT"><subfield code="a">Sys</subfield><subfield code="c">20110405</subfield><subfield code="h">103540</subfield></datafield></record></collection>